<?xml version="1.0" encoding="UTF-8"?><collection xmlns="http://www.loc.gov/MARC21/slim"><record><leader>00320nam--2200121-i-4500</leader><controlfield tag="001">000049626</controlfield><controlfield tag="002">20161230</controlfield><controlfield tag="005">20161230201047</controlfield><controlfield tag="008">060222s1000------------r-----000-0-eng-d</controlfield><datafield ind1=" " ind2=" " tag="100"><subfield code="a">Aparin,G.A. I Gorodeckii,I.E</subfield></datafield><datafield ind1=" " ind2=" " tag="245"><subfield code="a">Dopuski i tehnicheskie izmereniia</subfield></datafield><datafield ind1=" " ind2=" " tag="260"><subfield code="a">Moskva, Mashgiz, 1950. 563 S.+ 736 Ris</subfield></datafield><datafield ind1=" " ind2=" " tag="852"><subfield code="a">1315</subfield></datafield></record></collection>